Automatically generated by Mendeley Desktop 1.17.6
Any changes to this file will be lost if it is regenerated by Mendeley.

BibTeX export options can be customized via Options -> BibTeX in Mendeley Desktop
BibTeX export options can be customized via Options -> BibTeX in Mendeley Desktop

@article{bhattacharjee2013flory,
  title={Flory theory for polymers},
  author={Bhattacharjee, Somendra M and Giacometti, Achille and Maritan, Amos},
  journal={Journal of Physics: Condensed Matter},
  volume={25},
  number={50},
  pages={503101},
  year={2013},
  publisher={IOP Publishing}
}

@article{dokholyan2002topological,
  title={Topological determinants of protein folding},
  author={Dokholyan, Nikolay V and Li, Lewyn and Ding, Feng and Shakhnovich, Eugene I},
  journal={Proceedings of the National Academy of Sciences},
  volume={99},
  number={13},
  pages={8637--8641},
  year={2002},
  publisher={National Acad Sciences}
}

@article{yao2019establishing,
  title={Establishing a Framework of Using Residue--Residue Interactions in Protein Difference Network Analysis},
  author={Yao, Xin-Qiu and Momin, Mohamed and Hamelberg, Donald},
  journal={Journal of chemical information and modeling},
  volume={59},
  number={7},
  pages={3222--3228},
  year={2019},
  publisher={ACS Publications}
}

@article{scheraga2007protein,
  title={Protein-folding dynamics: overview of molecular simulation techniques},
  author={Scheraga, Harold A and Khalili, Mey and Liwo, Adam},
  journal={Annu. Rev. Phys. Chem.},
  volume={58},
  pages={57--83},
  year={2007},
  publisher={Annual Reviews}
}

@article{dill2008protein,
  title={The protein folding problem},
  author={Dill, Ken A and Ozkan, S Banu and Shell, M Scott and Weikl, Thomas R},
  journal={Annu. Rev. Biophys.},
  volume={37},
  pages={289--316},
  year={2008},
  publisher={Annual Reviews}
}

@article{manning1988circular,
  title={Circular dichroism studies of distorted $\alpha$-helices, twisted $\beta$-sheets, and $\beta$-turns},
  author={Manning, Mark C and Illangasekare, Mah and Woody, Robert W},
  journal={Biophysical chemistry},
  volume={31},
  number={1-2},
  pages={77--86},
  year={1988},
  publisher={Elsevier}
}

@article{molkenthin2020self,
  title={Self-organized emergence of folded protein-like network structures from geometric constraints},
  author={Molkenthin, Nora and M{\"u}hle, Steffen and Mey, Antonia SJS and Timme, Marc},
  journal={PLoS One},
  volume={15},
  number={2},
  pages={e0229230},
  year={2020},
  publisher={Public Library of Science San Francisco, CA USA}
}

@article{bartoli2008effect,
  title={The effect of backbone on the small-world properties of protein contact maps},
  author={Bartoli, L and Fariselli, P and Casadio, R},
  journal={Physical biology},
  volume={4},
  number={4},
  pages={L1},
  year={2008},
  publisher={IOP Publishing}
}

@InProceedings{SciPyProceedings_11,
  author =       {Aric A. Hagberg and Daniel A. Schult and Pieter J. Swart},
  title =        {Exploring Network Structure, Dynamics, and Function using NetworkX},
  booktitle =   {Proceedings of the 7th Python in Science Conference},
  pages =     {11 - 15},
  address = {Pasadena, CA USA},
  year =      {2008},
  editor =    {Ga\"el Varoquaux and Travis Vaught and Jarrod Millman},
}

@article{doi:10.1002/jcc.21787,
author = {Michaud-Agrawal, Naveen and Denning, Elizabeth J. and Woolf, Thomas B. and Beckstein, Oliver},
title = {MDAnalysis: A toolkit for the analysis of molecular dynamics simulations},
journal = {Journal of Computational Chemistry},
volume = {32},
number = {10},
pages = {2319-2327},
keywords = {molecular dynamics simulations, analysis, proteins, object-oriented design, software, membrane systems, Python programming language},
doi = {10.1002/jcc.21787},
url = {https://onlinelibrary.wiley.com/doi/abs/10.1002/jcc.21787},
eprint = {https://onlinelibrary.wiley.com/doi/pdf/10.1002/jcc.21787},
year = {2011}
}

@InProceedings{oliver_beckstein-proc-scipy-2016,
  author    = { {R}ichard {J}. {G}owers and {M}ax {L}inke and {J}onathan {B}arnoud and {T}yler {J}. {E}. {R}eddy and {M}anuel {N}. {M}elo and {S}ean {L}. {S}eyler and {J}an {D}omański and {D}avid {L}. {D}otson and {S}ébastien {B}uchoux and {I}an {M}. {K}enney and {O}liver {B}eckstein },
  title     = { {M}{D}{A}nalysis: {A} {P}ython {P}ackage for the {R}apid {A}nalysis of {M}olecular {D}ynamics {S}imulations },
  booktitle = { {P}roceedings of the 15th {P}ython in {S}cience {C}onference },
  pages     = { 98 - 105 },
  year      = { 2016 },
  editor    = { {S}ebastian {B}enthall and {S}cott {R}ostrup },
  doi       = { 10.25080/Majora-629e541a-00e }
}

@article{Dehmamy2018,
  title={A structural transition in physical networks},
  author={Dehmamy, Nima
and Milanlouei, Soodabeh
and Barabási, Albert-László},
  doi={10.1038/s41586-018-0726-6},
  journal={Nature},
  volume={563},
  number={7733},
  pages={676--680},
  year={2018},
  publisher={Nature Publishing Group}
}

@article{moult2007critical,
  title={Critical assessment of methods of protein structure prediction — Round VII},
  author={Moult, John and Fidelis, Krzysztof and Kryshtafovych, Andriy and Rost, Burkhard and Hubbard, Tim and Tramontano, Anna},
  journal={Proteins: Structure, Function, and Bioinformatics},
  volume={69},
  number={S8},
  pages={3--9},
  year={2007},
  publisher={Wiley Online Library}
}

@article{moult2018critical,
  title={Critical assessment of methods of protein structure prediction {(CASP)}—Round XII},
  author={Moult, John and Fidelis, Krzysztof and Kryshtafovych, Andriy and Schwede, Torsten and Tramontano, Anna},
  journal={Proteins: Structure, Function, and Bioinformatics},
  volume={86},
  pages={7--15},
  year={2018},
  publisher={Wiley Online Library}
}
@article{monastyrskyy2016new,
  title={New encouraging developments in contact prediction: Assessment of the {CASP} 11 results},
  author={Monastyrskyy, Bohdan and D'Andrea, Daniel and Fidelis, Krzysztof and Tramontano, Anna and Kryshtafovych, Andriy},
  journal={Proteins: Structure, Function, and Bioinformatics},
  volume={84},
  pages={131--144},
  year={2016},
  publisher={Wiley Online Library}
}

@article{uppenbrink1991packing,
  title={Packing schemes for Lennard-Jones clusters of 13 to 150 atoms: minima, transition states and rearrangement mechanisms},
  author={Uppenbrink, Julia and Wales, David J},
  journal={Journal of the Chemical Society, Faraday Transactions},
  volume={87},
  number={2},
  pages={215--222},
  year={1991},
  publisher={Royal Society of Chemistry}
}

@article{yang2015tasser,
  title={The {I-TASSER} Suite: protein structure and function prediction},
  author={Yang, Jianyi and Yan, Renxiang and Roy, Ambrish and Xu, Dong and Poisson, Jonathan and Zhang, Yang},
  journal={Nature Methods},
  volume={12},
  number={1},
  pages={7},
  year={2015},
  publisher={Nature Publishing Group}
}

@article {Bradley1868,
	author = {Bradley, Philip and Misura, Kira M. S. and Baker, David},
	title = {Toward High-Resolution de Novo Structure Prediction for Small Proteins},
	volume = {309},
	number = {5742},
	pages = {1868--1871},
	year = {2005},
	doi = {10.1126/science.1113801},
	publisher = {American Association for the Advancement of Science},
	abstract = {...},
	issn = {0036-8075},
	URL = {http://science.sciencemag.org/content/309/5742/1868},
	eprint = {http://science.sciencemag.org/content/309/5742/1868.full.pdf},
	journal = {Science}
}

@article{doi:10.1002/prot.25452,
author = {Ogorzalek, Tadeusz L. and Hura, Greg L. and Belsom, Adam and Burnett, Kathryn H. and Kryshtafovych, Andriy and Tainer, John A. and Rappsilber, Juri and Tsutakawa, Susan E. and Fidelis, Krzysztof},
title = {Small angle X-ray scattering and cross-linking for data assisted protein structure prediction in {CASP} 12 with prospects for improved accuracy},
journal = {Proteins: Structure, Function, and Bioinformatics},
volume = {86},
number = {S1},
pages = {202-214},
keywords = {assembly, combined methods, crystallography, disorder, experimental restraints, flexibility, modeling, prediction accuracy, protein folding, SAS, SAXS, solution scattering, solution structure, unfolded regions, unstructured regions},
doi = {10.1002/prot.25452},
url = {https://onlinelibrary.wiley.com/doi/abs/10.1002/prot.25452},
eprint = {https://onlinelibrary.wiley.com/doi/pdf/10.1002/prot.25452},
abstract = {...}}

@article {Dill1042,
	author = {Dill, Ken A. and MacCallum, Justin L.},
	title = {The Protein-Folding Problem, 50 Years On},
	volume = {338},
	number = {6110},
	pages = {1042--1046},
	year = {2012},
	doi = {10.1126/science.1219021},
	publisher = {American Association for the Advancement of Science},
	abstract = {...},
	issn = {0036-8075},
	URL = {http://science.sciencemag.org/content/338/6110/1042},
	eprint = {http://science.sciencemag.org/content/338/6110/1042.full.pdf},
	journal = {Science}
}

@incollection{estrada2010resistance,
  title={Resistance distance, information centrality, node vulnerability and vibrations in complex networks},
  author={Estrada, Ernesto and Hatano, Naomichi},
  booktitle={Network Science},
  pages={13--29},
  year={2010},
  publisher={Springer}
}

@article{ren2009thermodynamic,
  title={Thermodynamic stability of small-world oscillator networks: A case study of proteins},
  author={Ren, Jie and Li, Baowen},
  journal={Physical Review E},
  volume={79},
  number={5},
  pages={051922},
  year={2009},
  publisher={APS}
}

@article{sah2014exploring,
  title={Exploring community structure in biological networks with random graphs},
  author={Sah, Pratha and Singh, Lisa O and Clauset, Aaron and Bansal, Shweta},
  journal={BMC bioinformatics},
  volume={15},
  number={1},
  pages={220},
  year={2014},
  publisher={BioMed Central}
}

@article{mey2014rare,
  title={Rare-event trajectory ensemble analysis reveals metastable dynamical phases in lattice proteins},
  author={Mey, Antonia SJS and Geissler, Phillip L and Garrahan, Juan P},
  journal={Physical Review E},
  volume={89},
  number={3},
  pages={032109},
  year={2014},
  publisher={APS}
}

@article{stell1991sticky,
  title={Sticky spheres and related systems},
  author={Stell, George},
  journal={Journal of statistical physics},
  volume={63},
  number={5-6},
  pages={1203--1221},
  year={1991},
  publisher={Springer}
}

@article{trombach2018sticky,
  title={From sticky-hard-sphere to Lennard-Jones-type clusters},
  author={Trombach, Lukas and Hoy, Robert S and Wales, David J and Schwerdtfeger, Peter},
  journal={Physical Review E},
  volume={97},
  number={4},
  pages={043309},
  year={2018},
  publisher={APS}
}

@article{menichetti2016network,
  title={Network measures for protein folding state discrimination},
  author={Menichetti, Giulia and Fariselli, Piero and Remondini, Daniel},
  journal={Scientific reports},
  volume={6},
  pages={30367},
  year={2016},
  publisher={Nature Publishing Group}
}

@article{livi2016generative,
  title={A generative model for protein contact networks},
  author={Livi, Lorenzo and Maiorino, Enrico and Giuliani, Alessandro and Rizzi, Antonello and Sadeghian, Alireza},
  journal={Journal of Biomolecular Structure and Dynamics},
  volume={34},
  number={7},
  pages={1441--1454},
  year={2016},
  publisher={Taylor \& Francis}
}

@article{PDB,
title={Announcing the worldwide Protein Data Bank},
author={Berman, Helen and Henrick, Kim and Nakamura, Haruki},
journal={Nature Structural Biology},
volume={10},
number={12},
year={2003}}

@article{barabasi1999emergence,
  title={Emergence of scaling in random networks},
  author={Barab{\'a}si, Albert-L{\'a}szl{\'o} and Albert, R{\'e}ka},
  journal={Science},
  volume={286},
  number={5439},
  pages={509--512},
  year={1999},
  publisher={American Association for the Advancement of Science}
}

@article{PhysRevE.89.032109,
  title = {Rare-event trajectory ensemble analysis reveals metastable dynamical phases in lattice proteins},
  author = {Mey, Antonia S. J. S. and Geissler, Phillip L. and Garrahan, Juan P.},
  journal = {Phys. Rev. E},
  volume = {89},
  issue = {3},
  pages = {032109},
  numpages = {8},
  year = {2014},
  month = {Mar},
  publisher = {American Physical Society},
  doi = {10.1103/PhysRevE.89.032109},
  url = {https://link.aps.org/doi/10.1103/PhysRevE.89.032109}
}

@article{watts1998collective,
  title={Collective dynamics of ‘small-world’networks},
  author={Watts, Duncan J and Strogatz, Steven H},
  journal={Nature},
  volume={393},
  number={6684},
  pages={440--442},
  year={1998},
  publisher={Nature Publishing Group}
}

@article{molkenthin2014networks,
  title={Networks from flows-from dynamics to topology},
  author={Molkenthin, Nora and Rehfeld, Kira and Marwan, Norbert and Kurths, J{\"u}rgen},
  journal={Scientific reports},
  volume={4},
  year={2014},
  publisher={Nature Publishing Group}
}

@article{shirts2000screen,
  title={Screen savers of the world unite!},
  author={Shirts, Michael and Pande, Vijay S},
  journal={Science},
  volume={290},
  number={5498},
  pages={1903--1904},
  year={2000},
  publisher={American Association for the Advancement of Science}
}


@article{shaw2008anton,
  title={Anton, a special-purpose machine for molecular dynamics simulation},
  author={Shaw, David E and Deneroff, Martin M and Dror, Ron O and Kuskin, Jeffrey S and Larson, Richard H and Salmon, John K and Young, Cliff and Batson, Brannon and Bowers, Kevin J and Chao, Jack C and others},
  journal={Communications of the ACM},
  volume={51},
  number={7},
  pages={91--97},
  year={2008},
  publisher={ACM}
}

@article{PRO:PRO5560040401,
author = {Dill, Ken A. and Bromberg, Sarina and Yue, Kaizhi and Chan, Hue Sun and Ftebig, Klaus M. and Yee, David P. and Thomas, Paul D.},
title = {Principles of protein folding — A perspective from simple exact models},
journal = {Protein Science},
volume = {4},
number = {4},
publisher = {Cold Spring Harbor Laboratory Press},
issn = {1469-896X},
url = {http://dx.doi.org/10.1002/pro.5560040401},
doi = {10.1002/pro.5560040401},
pages = {561--602},
keywords = {chain collapse, hydrophobic interactions, lattice models, protein conformations, protein folding, protein stability},
year = {1995},
}


@article{doi:10.1093/bioinformatics/btl102,
author = {Cheng, Jianlin and Baldi, Pierre},
title = {A machine learning information retrieval approach to protein fold recognition},
journal = {Bioinformatics},
volume = {22},
number = {12},
pages = {1456-1463},
year = {2006},
doi = {10.1093/bioinformatics/btl102},
URL = { + http://dx.doi.org/10.1093/bioinformatics/btl102},
eprint = {/oup/backfile/content_public/journal/bioinformatics/22/12/10.1093/bioinformatics/btl102/2/btl102.pdf}
}

@article{snow2002absolute,
  title={Absolute comparison of simulated and experimental protein-folding dynamics},
  author={Snow, Christopher D and Nguyen, Houbi and Pande, Vijay S and Gruebele, Martin},
  journal={Nature},
  volume={420},
  number={6911},
  pages={102--106},
  year={2002},
  publisher={Nature Publishing Group}
}

@article{CLEMENTI200810,
title = "Coarse-grained models of protein folding: toy models or predictive tools?",
journal = "Current Opinion in Structural Biology",
volume = "18",
number = "1",
pages = "10 - 15",
year = "2008",
note = "Folding and Binding / Protein-nucleic acid interactions",
issn = "0959-440X",
doi = "https://doi.org/10.1016/j.sbi.2007.10.005",
url = "http://www.sciencedirect.com/science/article/pii/S0959440X07001753",
author = "Cecilia Clementi"
}

@article{estrada2007topological,
  title={Topological structural classes of complex networks},
  author={Estrada, Ernesto},
  journal={Physical Review E},
  volume={75},
  number={1},
  pages={016103},
  year={2007},
  publisher={APS}
}
@article{estrada2006spectral,
  title={Spectral scaling and good expansion properties in complex networks},
  author={Estrada, Ernesto},
  journal={EPL (Europhysics Letters)},
  volume={73},
  number={4},
  pages={649},
  year={2006},
  publisher={IOP Publishing}
}

@article{estrada2010universality,
  title={Universality in protein residue networks},
  author={Estrada, Ernesto},
  journal={Biophysical Journal},
  volume={98},
  number={5},
  pages={890--900},
  year={2010},
  publisher={Elsevier}
}

@article{molkenthin2016scaling,
  title={Scaling Laws in Spatial Network Formation},
  author={Molkenthin, Nora and Timme, Marc},
  journal={Physical Review Letters},
  volume={117},
  number={16},
  pages={168301},
  year={2016},
  publisher={American Physical Society}
}
@article{Mey2014,
author = {Mey, Antonia S. J. S. and Geissler, Phillip L. and Garrahan, Juan P.},
doi = {10.1103/PhysRevE.89.032109},
file = {:home/nora/.local/share/data/Mendeley Ltd./Mendeley Desktop/Downloaded/Mey, Geissler, Garrahan - 2014 - Rare-event trajectory ensemble analysis reveals metastable dynamical phases in lattice proteins.pdf:pdf},
issn = {1539-3755},
journal = {Physical Review E},
month = {mar},
number = {3},
pages = {032109},
title = {{Rare-event trajectory ensemble analysis reveals metastable dynamical phases in lattice proteins}},
url = {http://link.aps.org/doi/10.1103/PhysRevE.89.032109},
volume = {89},
year = {2014}
}
@article{Eatough2010,
author = {Eatough, R. P. and Molkenthin, N. and Kramer, M. and Noutsos, A. and Keith, M.J. and Stappers, B.W. and Lyne, A.G.},
doi = {10.1111/j.1365-2966.2010.17082.x},
file = {:home/nora/.local/share/data/Mendeley Ltd./Mendeley Desktop/Downloaded/Eatough et al. - 2010 - Selection of radio pulsar candidates using artificial neural networks.pdf:pdf},
journal = {Monthly Notices of the Royal Astronomical Society},
keywords = {1 i n t,antony hewish,cambridge 1967,data analysis,general,hewish et al,methods,neutron,pulsars,pulsars jocelyn bell,recorder,ro d u c,since discovery,stars,t i o n,using a pen chart},
number = {4},
pages = {2443--2450},
title = {{Selection of radio pulsar candidates using artificial neural networks}},
volume = {407},
year = {2010}
}
@article{Hofmann2012,
author = {Hofmann, H and Soranno, A and Borgia, A and Gast, K and Nettels, D and Schuler, B},
doi = {10.1073/pnas.1207719109},
file = {:home/nora/.local/share/data/Mendeley Ltd./Mendeley Desktop/Downloaded/Hofmann et al. - 2012 - Polymer scaling laws of unfolded and intrinsically disordered proteins quantified with single-molecule spectr(2).pdf:pdf},
issn = {0027-8424},
journal = {Proceedings of the National Academy of Sciences},
number = {40},
pages = {16155--16160},
title = {{Polymer scaling laws of unfolded and intrinsically disordered proteins quantified with single-molecule spectroscopy}},
url = {http://www.pnas.org/cgi/doi/10.1073/pnas.1207719109},
volume = {109},
year = {2012}
}
@article{Lomba2000,
author = {Lomba, E. and Lado, F. and Weis, J.},
doi = {10.1103/PhysRevE.61.3838},
file = {:home/nora/.local/share/data/Mendeley Ltd./Mendeley Desktop/Downloaded/Lomba, Lado, Weis - 2000 - Structure and thermodynamics of a ferrofluid monolayer.pdf:pdf},
issn = {1063-651X},
journal = {Physical Review E},
number = {4},
pages = {3838--3849},
pmid = {11088163},
title = {{Structure and thermodynamics of a ferrofluid monolayer}},
volume = {61},
year = {2000}
}
@article{Molkenthin2011,
annote = {Discrete Nonlinear Schrodinger Equation, Solitons and Organizing Principles for Protein Folding},
author = {Molkenthin, N. and Hu, S. and Niemi, A.J.},
doi = {10.1103/PhysRevLett.106.078102},
file = {:home/nora/.local/share/data/Mendeley Ltd./Mendeley Desktop/Downloaded/Molkenthin, Hu, Niemi - 2011 - Discrete nonlinear Schr{\"{o}}dinger equation and polygonal solitons with applications to collapsed proteins.pdf:pdf},
institution = {Laboratoire de Mathematiques et Physique Theorique CNRS UMR, F{\'{e}}d{\'{e}}ration Denis Poisson, Universit{\'{e}} de Tours, France.},
journal = {Physical Review Letters},
number = {7},
pages = {078102},
pmid = {21405545},
title = {{Discrete nonlinear Schr{\"{o}}dinger equation and polygonal solitons with applications to collapsed proteins.}},
volume = {106},
year = {2011}
}
@article{Gutin1998,
author = {Gutin, A and Sali, A and Abkevich, V},
file = {:home/nora/.local/share/data/Mendeley Ltd./Mendeley Desktop/Downloaded/Gutin, Sali, Abkevich - 1998 - Temperature dependence of the folding rate in a simple protein model search for a “glass” transition.pdf:pdf},
journal = {Journal of Chemical Physics},
number = {15},
pages = {6466--6483},
title = {{Temperature dependence of the folding rate in a simple protein model: search for a “glass” transition}},
volume = {108},
year = {1998}
}
@article{Pande2010,
author = {Pande, Vijay S.},
doi = {10.1103/PhysRevLett.105.198101},
file = {:home/nora/.local/share/data/Mendeley Ltd./Mendeley Desktop/Downloaded/Pande - 2010 - Simple Theory of Protein Folding Kinetics.pdf:pdf},
issn = {0031-9007},
journal = {Physical Review Letters},
month = {nov},
number = {19},
pages = {198101},
title = {{Simple Theory of Protein Folding Kinetics}},
url = {http://link.aps.org/doi/10.1103/PhysRevLett.105.198101},
volume = {105},
year = {2010}
}
@article{Bagler2007a,
author = {Bagler, Ganesh and Sinha, Somdatta},
doi = {10.1093/bioinformatics/btm257},
file = {:home/nora/.local/share/data/Mendeley Ltd./Mendeley Desktop/Downloaded/Bagler, Sinha - 2007 - Assortative mixing in protein contact networks and protein folding kinetics.pdf:pdf},
isbn = {1367-4811 (Electronic)$\backslash$r1367-4803 (Linking)},
issn = {13674803},
journal = {Bioinformatics},
number = {14},
pages = {1760--1767},
pmid = {17519248},
title = {{Assortative mixing in protein contact networks and protein folding kinetics}},
volume = {23},
year = {2007}
}
@article{Kumar1996,
author = {Kumar, S and Bansal, M},
doi = {10.1016/S0006-3495(96)79360-8},
file = {:home/nora/.local/share/data/Mendeley Ltd./Mendeley Desktop/Downloaded/Kumar, Bansal - 1996 - Structural and sequence characteristics of long alpha helices in globular proteins.pdf:pdf},
isbn = {0006-3495},
issn = {0006-3495},
journal = {Biophysical Journal},
keywords = {Amino Acid Sequence,Amino Acids,Amino Acids: analysis,Biophysical Phenomena,Biophysics,Databases,Factual,Molecular Structure,Protein Folding,Protein Structure,Proteins,Proteins: chemistry,Secondary},
number = {3},
pages = {1574--1586},
pmid = {8874031},
title = {{Structural and sequence characteristics of long alpha helices in globular proteins.}},
url = {http://www.pubmedcentral.nih.gov/articlerender.fcgi?artid=1233624{\&}tool=pmcentrez{\&}rendertype=abstract},
volume = {71},
year = {1996}
}
@article{DiPaola2013,
author = {{Di Paola}, L. and {De Ruvo}, M. and Paci, P. and Santoni, D. and Giuliani, a.},
doi = {10.1021/cr3002356},
file = {:home/nora/.local/share/data/Mendeley Ltd./Mendeley Desktop/Downloaded/Di Paola et al. - 2013 - Protein contact networks An emerging paradigm in chemistry.pdf:pdf},
isbn = {0009-2665},
issn = {00092665},
journal = {Chemical Reviews},
pages = {1598--1613},
pmid = {23186336},
title = {{Protein contact networks: An emerging paradigm in chemistry}},
volume = {113},
year = {2013}
}
@article{Taylor2010,
author = {Taylor, Mark P. and Paul, Wolfgang and Binder, Kurt},
doi = {10.1016/j.phpro.2010.08.019},
issn = {18753892},
journal = {Physics Procedia},
keywords = {energy landscape,microcanonical thermodynamics,ph,phase transition,protein folding,wang-landau},
number = {2009},
pages = {151--160},
title = {{Two-state protein-like folding of a homopolymer chain}},
url = {http://linkinghub.elsevier.com/retrieve/pii/S1875389210003044},
volume = {4},
year = {2010}
}
@article{Sachs1994,
author = {Sachs, Horst},
doi = {10.1016/0012-365X(93)E0068-F},
issn = {0012365X},
journal = {Discrete Mathematics},
number = {1-3},
pages = {133--138},
title = {{Coin graphs, Polyhedra, and conformal mapping}},
volume = {134},
year = {1994}
}
@article{Rose2006,
author = {Rose, George D and Fleming, Patrick J and Banavar, Jayanth R and Maritan, Amos},
doi = {10.1073/pnas.0606843103},
file = {:home/nora/.local/share/data/Mendeley Ltd./Mendeley Desktop/Downloaded/Rose et al. - 2006 - A backbone-based theory of protein folding.pdf:pdf},
issn = {0027-8424},
journal = {Proceedings of the National Academy of Sciences of the United States of America},
keywords = {Animals,Humans,Hydrogen Bonding,Models, Molecular,Protein Denaturation,Protein Folding,Protein Structure, Secondary,Protein Structure, Tertiary,Thermodynamics},
number = {45},
pages = {16623--33},
pmid = {17075053},
title = {{A backbone-based theory of protein folding.}},
url = {http://www.pubmedcentral.nih.gov/articlerender.fcgi?artid=1636505{\&}tool=pmcentrez{\&}rendertype=abstract},
volume = {103},
year = {2006}
}
@article{Istrail2009,
author = {Istrail, Sorin and Lam, F},
file = {:home/nora/.local/share/data/Mendeley Ltd./Mendeley Desktop/Downloaded/Istrail, Lam - 2009 - Combinatorial algorithms for protein folding in lattice models a survey of mathematical results.pdf:pdf},
journal = {Communications in Information {\&} Systems},
pages = {1--40},
title = {{Combinatorial algorithms for protein folding in lattice models: a survey of mathematical results}},
url = {http://projecteuclid.org/euclid.cis/1267712111},
year = {2009}
}
@article{Scheraga2007,
author = {Scheraga, Harold A. and Khalili, Mey and Liwo, Adam},
doi = {10.1146/annurev.physchem.58.032806.104614},
file = {:home/nora/.local/share/data/Mendeley Ltd./Mendeley Desktop/Downloaded/Scheraga, Khalili, Liwo - 2007 - Protein-folding dynamics overview of molecular simulation techniques.pdf:pdf},
isbn = {9780824310585},
issn = {0066-426X},
journal = {Annual Review of Physical Chemistry},
keywords = {atomic and mesoscopic,folding pathways,force fields,models,molecular dynamics},
pages = {57--83},
pmid = {17034338},
title = {{Protein-folding dynamics: overview of molecular simulation techniques.}},
volume = {58},
year = {2007}
}

@article{Barthelemy2011,
author = {Barth{\'{e}}lemy, Marc},
doi = {10.1016/j.physrep.2010.11.002},
file = {:home/nora/.local/share/data/Mendeley Ltd./Mendeley Desktop/Downloaded/Barth{\'{e}}lemy - 2011 - Spatial networks.pdf:pdf},
issn = {03701573},
journal = {Physics Reports},
month = {feb},
number = {1},
pages = {1--101},
publisher = {Elsevier B.V.},
title = {{Spatial networks}},
volume = {499},
year = {2011}
}
@article{Shakhnovich1990,
author = {Shakhnovich, Eugene and Gutin, A},
doi = {10.1038/346773a0},
file = {:home/nora/.local/share/data/Mendeley Ltd./Mendeley Desktop/Downloaded/Shakhnovich, Gutin - 1990 - Implications of thermodynamics of protein folding for evolution of primary sequences.pdf:pdf},
issn = {0028-0836},
journal = {Nature},
pages = {773--775},
pmid = {2388698},
title = {{Implications of thermodynamics of protein folding for evolution of primary sequences.}},
volume = {346},
year = {1990}
}

@article{Hong2013,
author = {Hong, Liu and Lei, Jinzhi},
doi = {10.1002/polb.21634},
file = {:home/nora/.local/share/data/Mendeley Ltd./Mendeley Desktop/Downloaded/Hong, Lei - 2009 - Scaling law for the radius of gyration of proteins and its dependence on hydrophobicity.pdf:pdf},
isbn = {0887-6266},
issn = {08876266},
journal = {Journal of Polymer Science, Part B: Polymer Physics},
keywords = {Molecular modeling,Proteins,Structure,Structure property relations},
number = {2},
pages = {207--214},
pmid = {262330300009},
title = {{Scaling law for the radius of gyration of proteins and its dependence on hydrophobicity}},
volume = {47},
year = {2009}
}


@article{newman2003structure,
  title={The structure and function of complex networks},
  author={Newman, Mark EJ},
  journal={SIAM Review},
  volume={45},
  number={2},
  pages={167--256},
  year={2003},
  publisher={SIAM}
}
@article{donges2009complex,
  title={Complex networks in climate dynamics},
  author={Donges, Jonathan F and Zou, Yong and Marwan, Norbert and Kurths, J{\"u}rgen},
  journal={The European Physical Journal Special Topics},
  volume={174},
  number={1},
  pages={157--179},
  year={2009},
  publisher={Springer}
}
@article{boccaletti2006complex,
  title={Complex networks: Structure and dynamics},
  author={Boccaletti, Stefano and Latora, Vito and Moreno, Yamir and Chavez, Martin and Hwang, D-U},
  journal={Physics Reports},
  volume={424},
  number={4-5},
  pages={175--308},
  year={2006},
  publisher={Elsevier}
}
@book{Havlin2010,
author = {Havlin, S and Cohen, R},
booktitle = {Cambridge University Press},
doi = {10.1017/CBO9780511780356},
isbn = {9780521841566},
issn = {00319228},
pmid = {16098259},
title = {{Complex networks: structure, robustness and function}},
url = {http://www.lavoisier.fr/livre/notice.asp?id=OA3WRSAKRAXOWG{\%}5Cnpapers2://publication/uuid/9DE362A4-22B4-415D-B600-3E49868970F3},
year = {2010}
}
@article{Shakhnovich2006,
author = {Shakhnovich, Eugene},
doi = {10.1021/cr040425u},
file = {:home/nora/.local/share/data/Mendeley Ltd./Mendeley Desktop/Downloaded/Shakhnovich - 2006 - Protein Folding Thermodynamics and Dynamics Where Physics, Chemistry, and Biology Meet Fundamental Model of Prot.pdf:pdf},
isbn = {0009-2665},
issn = {0009-2665},
journal = {Chemical Reviews},
pages = {1559--1588},
pmid = {16683745},
title = {{Protein Folding Thermodynamics and Dynamics : Where Physics, Chemistry, and Biology Meet Fundamental Model of Protein Folding}},
url = {http://www.ncbi.nlm.nih.gov/pubmed/16683745},
volume = {106},
year = {2006}
}
@book{Estrada2011,
author = {Estrada, Ernesto},
isbn = {ISBN:019959175X 9780199591756},
pages = {465},
publisher = {Oxford University Press},
title = {{The structure of complex networks - Theory and Applications}},
year = {2011}
}
@article{Timme2004,
archivePrefix = {arXiv},
arxivId = {cond-mat/0306512},
author = {Timme, Marc and Wolf, Fred and Geisel, Theo},
doi = {10.1103/PhysRevLett.92.074101},
eprint = {0306512},
file = {:home/nora/.local/share/data/Mendeley Ltd./Mendeley Desktop/Downloaded/Timme, Wolf, Geisel - 2004 - Topological speed limits to network synchronization.pdf:pdf},
issn = {0031-9007},
journal = {Physical Review Letters},
number = {February},
pages = {074101},
pmid = {14995853},
primaryClass = {cond-mat},
title = {{Topological speed limits to network synchronization.}},
volume = {92},
year = {2004}
}
@article{Bartoli,
author = {Bartoli, L and Fariselli, P and Casadio, R},
doi = {10.1088/1478-3975/4/4/L01},
file = {:home/nora/.local/share/data/Mendeley Ltd./Mendeley Desktop/Downloaded/Bartoli, Fariselli, Casadio - 2007 - The effect of backbone on the small-world properties of protein contact maps.pdf:pdf},
isbn = {1478-3975 (Electronic)$\backslash$n1478-3967 (Linking)},
issn = {1478-3975},
journal = {Physical biology},
keywords = {Biophysics,Biophysics: methods,Cluster Analysis,Models,Molecular,Protein Conformation,Protein Structure,Proteins,Proteins: chemistry,Secondary,Statistical,Theoretical},
number = {4},
pages = {L1--5},
pmid = {18185011},
title = {{The effect of backbone on the small-world properties of protein contact maps.}},
url = {http://www.ncbi.nlm.nih.gov/pubmed/18185011},
volume = {4},
year = {2007}
}
@article{Erdos1959,
author = {Erdős, P. and R{\'{e}}nyi, A.},
file = {:home/nora/.local/share/data/Mendeley Ltd./Mendeley Desktop/Downloaded/Erdős, R{\'{e}}nyi - 1959 - On random graphs.pdf:pdf},
journal = {Publicationes Mathematicae},
pages = {290--297},
title = {{On random graphs}},
volume = {6},
year = {1959}
}
@article{Koegel,
author = {Koegel, Armin and Richter, Reinhard},
journal = {DPG Spring Meeting},
number = {BH-N 128},
title = {{Coarsening dynamics of transient networks in an experiment with dipolar hard spheres}},
url = {http://www.dpg-verhandlungen.de/year/2015/conference/berlin/static/soe25.pdf},
year = {2015}
}
@article{Danielsson2010,
author = {Danielsson, Ulf H. and Lundgren, Martin and Niemi, Antti J.},
doi = {10.1103/021910},
file = {:home/nora/.local/share/data/Mendeley Ltd./Mendeley Desktop/Downloaded/Danielsson, Lundgren, Niemi - 2010 - Gauge field theory of chirally folded homopolymers with applications to folded proteins.pdf:pdf},
issn = {15393755},
journal = {Physical Review E},
number = {2},
pages = {1--5},
pmid = {20866840},
title = {{Gauge field theory of chirally folded homopolymers with applications to folded proteins}},
volume = {82},
year = {2010}
}
@article{Grosskinsky2002,
author = {Grosskinsky, Stefan and Timme, Marc and Naundorf, Bjoern},
doi = {10.1103/PhysRevLett.88.245501},
file = {:home/nora/.local/share/data/Mendeley Ltd./Mendeley Desktop/Downloaded/Grosskinsky, Timme, Naundorf - 2002 - Universal attractors of reversible aggregate-reorganization processes.pdf:pdf},
issn = {0031-9007},
journal = {Physical Review Letters},
keywords = {biological,cell aggregation,chemical,chemistry,colloids,diffusion,kinetics,models,monte carlo method,theoretical},
number = {24},
pages = {245501},
pmid = {12059310},
title = {{Universal attractors of reversible aggregate-reorganization processes.}},
volume = {88},
year = {2002}
}
@article{Grabow2012,
author = {Grabow, Carsten and Grosskinsky, Stefan and Timme, Marc},
doi = {10.1103/PhysRevLett.108.218701},
file = {:home/nora/.local/share/data/Mendeley Ltd./Mendeley Desktop/Downloaded/Grabow, Grosskinsky, Timme - 2012 - Small-World Network Spectra in Mean-Field Theory.pdf:pdf},
issn = {0031-9007},
journal = {Physical Review Letters},
month = {may},
number = {21},
pages = {218701},
title = {{Small-World Network Spectra in Mean-Field Theory}},
volume = {108},
year = {2012}
}

@article{Jung2005,
author = {Jung, Jaewoon and Lee, Jooyoung and Moon, Hie T.},
doi = {10.1002/prot.20324},
file = {:home/nora/.local/share/data/Mendeley Ltd./Mendeley Desktop/Downloaded/Jung, Lee, Moon - 2005 - Topological determinants of protein unfolding rates.pdf:pdf},
issn = {08873585},
journal = {Proteins: Structure, Function and Genetics},
keywords = {Clustering coefficient,Contact order,Folding-unfolding rate,Impact of edge removal,Protein folding,Protein structure},
number = {April 2004},
pages = {389--395},
pmid = {15558603},
title = {{Topological determinants of protein unfolding rates}},
volume = {58},
year = {2005}
}
@article{Vendruscolo2002,
author = {Vendruscolo, M. and Dokholyan, N. V. and Paci, E. and Karplus, M.},
doi = {10.1103/PhysRevE.65.061910},
file = {:home/nora/.local/share/data/Mendeley Ltd./Mendeley Desktop/Downloaded/Vendruscolo et al. - 2002 - Small-world view of the amino acids that play a key role in protein folding.pdf:pdf},
issn = {15393755},
journal = {Physical Review E},
pages = {1--4},
pmid = {12188762},
title = {{Small-world view of the amino acids that play a key role in protein folding}},
volume = {65},
year = {2002}
}

@article{Sanejouand2013,
archivePrefix = {arXiv},
arxivId = {1102.2402},
author = {Sanejouand, Yves Henri},
doi = {10.1007/978-1-62703-017-5-23},
eprint = {1102.2402},
file = {:home/nora/.local/share/data/Mendeley Ltd./Mendeley Desktop/Downloaded/Sanejouand - 2013 - Elastic network models Theoretical and empirical foundations.pdf:pdf},
isbn = {9781627030168},
issn = {10643745},
journal = {Methods in Molecular Biology},
keywords = {Anisotropic network model,B-factors,Conformational change,Functional motion,Gaussian network model,Low-frequency modes,Normal mode analysis,Protein,Thermal motion},
pages = {601--616},
pmid = {23034765},
title = {{Elastic network models: Theoretical and empirical foundations}},
volume = {924},
year = {2013}
}

@article{Bagler2007,
archivePrefix = {arXiv},
arxivId = {arXiv:0711.2616v1},
author = {Bagler, G},
eprint = {arXiv:0711.2616v1},
file = {:home/nora/.local/share/data/Mendeley Ltd./Mendeley Desktop/Downloaded/Bagler - 2007 - Modeling Protein Contact Networks.pdf:pdf},
journal = {arXiv preprint arXiv:0711.2616},
number = {December},
title = {{Modeling Protein Contact Networks}},
year = {2007}
}

@article{Arruda,
archivePrefix = {arXiv},
arxivId = {1501.02728v1},
author = {Arruda, Henrique Ferraz De},
eprint = {1501.02728v1},
file = {:home/nora/.local/share/data/Mendeley Ltd./Mendeley Desktop/Downloaded/Arruda - Unknown - Minimal paths between communities induced by geographical networks.pdf:pdf},
title = {{Minimal paths between communities induced by geographical networks}}
}

@article{Scalley1997,
author = {Scalley, M L and Baker, D},
doi = {10.1073/pnas.94.20.10636},
file = {:home/nora/.local/share/data/Mendeley Ltd./Mendeley Desktop/Downloaded/Scalley, Baker - 1997 - Protein folding kinetics exhibit an Arrhenius temperature dependence when corrected for the temperature dependen.pdf:pdf},
isbn = {0027-8424 (Print)$\backslash$n0027-8424 (Linking)},
issn = {0027-8424},
journal = {Proceedings of the National Academy of Sciences of the United States of America},
number = {20},
pages = {10636--10640},
pmid = {9380687},
title = {{Protein folding kinetics exhibit an Arrhenius temperature dependence when corrected for the temperature dependence of protein stability.}},
volume = {94},
year = {1997}
}

@article{Rehfeld2013,
author = {Rehfeld, K. and Molkenthin, N. and Kurths, J.},
doi = {10.5194/npg-21-691-2014},
file = {:home/nora/.local/share/data/Mendeley Ltd./Mendeley Desktop/Downloaded/Rehfeld, Molkenthin, Kurths - 2014 - Testing the detectability of spatio–temporal climate transitions from paleoclimate networks with.pdf:pdf},
journal = {Nonlin. Processes Geophys.},
pages = {691--703},
title = {{Testing the detectability of spatio–temporal climate transitions from paleoclimate networks with the START model}},
volume = {21},
year = {2014}
}

@article{Molkenthin2013a,
author = {Molkenthin, N. and Rehfeld, K. and Marwan, N. and Kurths, J.},
doi = {10.1038/srep04119},
file = {:home/nora/.local/share/data/Mendeley Ltd./Mendeley Desktop/Downloaded/Molkenthin et al. - 2014 - Networks from Flows-From Dynamics to Topology.pdf:pdf},
journal = {Nature Scientific Reports},
title = {{Networks from Flows-From Dynamics to Topology}},
year = {2014}
}

@article{Molkenthin2013,
author = {Molkenthin, N. and Rehfeld, K. and Stolbova, V. and Tupikina, L. and Kurths, J.},
doi = {10.5194/npg-21-651-2014},
file = {:home/nora/.local/share/data/Mendeley Ltd./Mendeley Desktop/Downloaded/Molkenthin et al. - 2014 - On the influence of spatial sampling on climate networks.pdf:pdf},
journal = {Nonlinear Processes in Geophysics},
pages = {651--657},
title = {{On the influence of spatial sampling on climate networks}},
volume = {21},
year = {2014}
}

@article{Saunders2013,
author = {Saunders, Marissa G and Voth, Gregory A},
doi = {10.1146/annurev-biophys-083012-130348},
file = {:home/nora/.local/share/data/Mendeley Ltd./Mendeley Desktop/Downloaded/Saunders, Voth - 2013 - Coarse-graining methods for computational biology.pdf:pdf},
isbn = {1936-1238 (Electronic) 1936-122X (Linking)},
issn = {1936-1238},
journal = {Annual Review of Biophysics},
keywords = {Algorithms,Biological,Computational Biology,Computational Biology: methods,Models,Molecular Dynamics Simulation,Proteins,Proteins: chemistry,Thermodynamics},
pages = {73--93},
pmid = {23451897},
title = {{Coarse-graining methods for computational biology.}},
url = {http://www.ncbi.nlm.nih.gov/pubmed/23451897},
volume = {42},
year = {2013}
}

@article{Mirny2001,
author = {Mirny, Leonid and Shakhnovich, Eugene},
doi = {10.1146/annurev.biophys.30.1.361},
file = {:home/nora/.local/share/data/Mendeley Ltd./Mendeley Desktop/Downloaded/Mirny, Shakhnovich - 2001 - Protein folding theory from lattice to all-atom models.pdf:pdf},
isbn = {1056-8700},
issn = {1056-8700},
journal = {Annual Review of Biophysics and Biomolecular Structure},
keywords = {focuses on recent advances,folding nucleus conservation,folding nucleus prediction,in understanding protein folding,kinetics in the context,molecular dynamics,nucleation,of nucleation theory,s abstract this review,structure prediction,such as nucle-,we present basic concepts},
pages = {361--396},
pmid = {11340064},
title = {{Protein folding theory: from lattice to all-atom models.}},
volume = {30},
year = {2001}
}

@article{Prokopyeva2011a,
author = {Prokopyeva, T. and Danilov, V. and Dobroserdova, a. and Kantorovich, S. and Holm, C.},
doi = {10.1016/j.jmmm.2010.11.034},
file = {:home/nora/.local/share/data/Mendeley Ltd./Mendeley Desktop/Downloaded/Prokopyeva et al. - 2011 - Ground state structures in ferrofluid monolayers(2).pdf:pdf},
isbn = {1539-3755},
issn = {03048853},
journal = {Journal of Magnetism and Magnetic Materials},
keywords = {Ferrofluid,Ground state,Microstructure},
number = {10},
pages = {1298--1301},
pmid = {19905113},
title = {{Ground state structures in ferrofluid monolayers}},
volume = {323},
year = {2011}
}

@article{Falck2003,
author = {Falck, E. and Punkkinen, O. and Vattulainen, I. and Ala-Nissila, T.},
doi = {10.1103/PhysRevE.68.050102},
file = {:home/nora/.local/share/data/Mendeley Ltd./Mendeley Desktop/Downloaded/Falck et al. - 2003 - Dynamics and Scaling of 2D Polymers in a Dilute Solution.pdf:pdf},
journal = {Physical Review E},
number = {5},
pages = {050102},
title = {{Dynamics and Scaling of 2D Polymers in a Dilute Solution}},
url = {http://arxiv.org/abs/cond-mat/0301219},
volume = {68},
year = {2003}
}

@article{Almendral2007,
archivePrefix = {arXiv},
arxivId = {arXiv:0705.3216v1},
author = {Almendral, Juan a. and D{\'{i}}az-Guilera, Albert},
doi = {10.1088/1367-2630/9/6/187},
eprint = {arXiv:0705.3216v1},
file = {:home/nora/.local/share/data/Mendeley Ltd./Mendeley Desktop/Downloaded/Almendral, D{\'{i}}az-Guilera - 2007 - Dynamical and spectral properties of complex networks.pdf:pdf},
issn = {13672630},
journal = {New Journal of Physics},
title = {{Dynamical and spectral properties of complex networks}},
volume = {9},
year = {2007}
}

@article{Duncan2004,
author = {Duncan, Peter D. and Camp, Philip J.},
doi = {10.1063/1.1812744},
file = {:home/nora/.local/share/data/Mendeley Ltd./Mendeley Desktop/Downloaded/Duncan, Camp - 2004 - Structure and dynamics in a monolayer of dipolar spheres.pdf:pdf},
issn = {00219606},
journal = {Journal of Chemical Physics},
number = {22},
pages = {11322--11331},
pmid = {15634089},
title = {{Structure and dynamics in a monolayer of dipolar spheres}},
volume = {121},
year = {2004}
}

@article{Wu2015,
archivePrefix = {arXiv},
arxivId = {1412.3405},
author = {Wu, Z and Menichetti, G and Rahmede, C and Bianconi, Ginestra},
doi = {10.1038/srep10073},
eprint = {1412.3405},
file = {:home/nora/.local/share/data/Mendeley Ltd./Mendeley Desktop/Downloaded/Wu et al. - 2015 - Emergent complex network geometry.pdf:pdf},
isbn = {2045-2322 (Electronic)$\backslash$r2045-2322 (Linking)},
issn = {20452322},
journal = {Sci Rep},
pages = {10073},
pmid = {25985280},
publisher = {Nature Publishing Group},
title = {{Emergent complex network geometry}},
url = {http://www.ncbi.nlm.nih.gov/pmc/articles/PMC4434965/pdf/srep10073.pdf},
volume = {5},
year = {2015}
}

@article{Go1983,
author = {Go, Nobuhiro},
doi = {10.1007/BF01012315},
file = {:home/nora/.local/share/data/Mendeley Ltd./Mendeley Desktop/Downloaded/Go - 1983 - Protein folding as a stochastic process.pdf:pdf},
issn = {0022-4715},
journal = {Journal of Statistical Physics},
keywords = {computer simulation,lattice model,mar-,protein folding},
number = {2},
pages = {413--423},
title = {{Protein folding as a stochastic process}},
volume = {30},
year = {1983}
}

@article{Barabasi1999,
archivePrefix = {arXiv},
arxivId = {cond-mat/9910332},
author = {Barab{\'{a}}si, Albert-L{\'{a}}szl{\'{o}} and Albert, R.},
doi = {10.1126/science.286.5439.509},
eprint = {9910332},
file = {:home/nora/.local/share/data/Mendeley Ltd./Mendeley Desktop/Downloaded/Barab{\'{a}}si, Albert - 1999 - Emergence of scaling in random networks.pdf:pdf},
isbn = {1095-9203 (Electronic)$\backslash$n0036-8075 (Linking)},
issn = {00368075},
journal = {Science (New York, N.Y.)},
number = {5439},
pages = {509--512},
pmid = {10521342},
primaryClass = {cond-mat},
title = {{Emergence of scaling in random networks}},
volume = {286},
year = {1999}
}

@article{Tupikina2013,
author = {Tupikina, L. and Rehfeld, K. and Molkenthin, N. and Stolbova, V. and Marwan, N. and Kurths, J.},
doi = {10.5194/npg-21-705-2014},
file = {:home/nora/.local/share/data/Mendeley Ltd./Mendeley Desktop/Downloaded/Tupikina et al. - 2014 - Detecting evolution of networks using spatial-temporal autocorrelation function.pdf:pdf},
journal = {Nonlin. Proc. Geophys.},
pages = {705--711},
title = {{Detecting evolution of networks using spatial-temporal autocorrelation function}},
volume = {21},
year = {2014}
}

@article{Sosnick2011,
author = {Sosnick, T. R. and Hinshaw, J. R.},
doi = {10.1126/science.1214018},
file = {:home/nora/.local/share/data/Mendeley Ltd./Mendeley Desktop/Downloaded/Sosnick, Hinshaw - 2011 - How Proteins Fold.pdf:pdf},
isbn = {1095-9203 (Electronic)$\backslash$r0036-8075 (Linking)},
issn = {0036-8075},
journal = {Science},
number = {6055},
pages = {464--465},
pmid = {22034434},
title = {{How Proteins Fold}},
volume = {334},
year = {2011}
}

@article{Grabow2011,
archivePrefix = {arXiv},
arxivId = {1106.4337},
author = {Grabow, Carsten and Grosskinsky, Stefan and Timme, Marc},
doi = {10.1140/epjb/e2011-20038-9},
eprint = {1106.4337},
file = {:home/nora/.local/share/data/Mendeley Ltd./Mendeley Desktop/Downloaded/Grabow, Grosskinsky, Timme - 2011 - Speed of complex network synchronization.pdf:pdf},
issn = {14346028},
journal = {European Physical Journal B},
pages = {613--626},
title = {{Speed of complex network synchronization}},
volume = {84},
year = {2011}
}

@article{Moore1978,
author = {Moore, M A and Bray, A J},
file = {:home/nora/.local/share/data/Mendeley Ltd./Mendeley Desktop/Downloaded/Moore, Bray - 1978 - On the Flory formula for the polymer size exponent.pdf:pdf},
journal = {Journal of Physics A},
number = {7},
pages = {1353--1359},
title = {{On the Flory formula for the polymer size exponent}},
volume = {11},
year = {1978}
}

@article{Dokholyan2002,
author = {Dokholyan, N. V. and Li, L and Ding, F and Shakhnovich, E},
file = {:home/nora/.local/share/data/Mendeley Ltd./Mendeley Desktop/Downloaded/Dokholyan et al. - 2002 - Topological determinants of protein folding.pdf:pdf},
issn = {00278424},
journal = {Proceedings of the National Academy of Sciences of the United States of America},
number = {13},
pages = {8637 -- 8641},
pmid = {16591361},
title = {{Topological determinants of protein folding}},
volume = {99},
year = {2002}
}
@article{Molkenthin2016,
archivePrefix = {arXiv},
arxivId = {1607.01435},
author = {Molkenthin, Nora and Timme, Marc},
doi = {10.1103/PhysRevLett.117.168301},
eprint = {1607.01435},
file = {:home/nora/.local/share/data/Mendeley Ltd./Mendeley Desktop/Downloaded/Molkenthin, Timme - 2016 - Scaling Laws in Spatial Network Formation(2).pdf:pdf},
issn = {0031-9007},
journal = {Phys. Rev. Lett.},
number = {16},
pages = {168301},
title = {{Scaling Laws in Spatial Network Formation}},
url = {http://arxiv.org/abs/1607.01435},
volume = {117},
year = {2016}
}

@article{Newman2000,
author = {Newman, M E and Moore, C and Watts, D J},
file = {:home/nora/.local/share/data/Mendeley Ltd./Mendeley Desktop/Downloaded/Newman, Moore, Watts - 2000 - Mean-field solution of the small-world network model.pdf:pdf},
issn = {0031-9007},
journal = {Physical Review Letters},
keywords = {Computer Simulation,Humans,Mathematics,Models,Neural Networks (Computer),Social Behavior,Theoretical},
month = {apr},
number = {14},
pages = {3201--4},
pmid = {11019047},
title = {{Mean-field solution of the small-world network model.}},
url = {http://www.ncbi.nlm.nih.gov/pubmed/11019047},
volume = {84},
year = {2000}
}

@article{Socci1994,
author = {Socci, Nicholas D. and Onuchic, José Nelson},
doi = {10.1063/1.467775},
file = {:home/nora/.local/share/data/Mendeley Ltd./Mendeley Desktop/Downloaded/Socci, Onuchic - 1994 - Folding kinetics of proteinlike heteropolymers.pdf:pdf},
isbn = {0021-9606},
issn = {00219606},
journal = {The Journal of Chemical Physics},
keywords = {Biomolecules,Condensed Matter},
number = {2},
pages = {1519},
title = {{Folding kinetics of proteinlike heteropolymers}},
volume = {101},
year = {1994}
}
@article{Watts1998,
author = {Watts, D J and Strogatz, S H},
doi = {10.1038/30918},
file = {:home/nora/.local/share/data/Mendeley Ltd./Mendeley Desktop/Downloaded/Watts, Strogatz - 1998 - Collective dynamics of 'small-world' networks.pdf:pdf},
isbn = {0028-0836},
issn = {0028-0836},
journal = {Nature},
number = {6684},
pages = {440--442},
pmid = {9623998},
title = {{Collective dynamics of 'small-world' networks.}},
volume = {393},
year = {1998}
}
@incollection{Goppelsroder2014,
author = {Goppelsr{\"{o}}der, F. and Molkenthin, N.},
booktitle = {Bild. Ein interdisziplin{\"{a}}res Handbuch},
editor = {G{\"{u}}nzel, S. and Mersch, D.},
publisher = {J.B. Metzler},
title = {{Mathematik/Geometrie}}
}
@article{Grabow2010,
archivePrefix = {arXiv},
arxivId = {1005.3757},
author = {Grabow, Carsten and Hill, Steven and Grosskinsky, Stefan and Timme, Marc},
doi = {10.1209/0295-5075/90/48002},
eprint = {1005.3757},
file = {:home/nora/.local/share/data/Mendeley Ltd./Mendeley Desktop/Downloaded/Grabow et al. - 2010 - Do Small Worlds Synchronize Fastest.pdf:pdf},
issn = {0295-5075},
journal = {Europhysics Letter},
number = {May},
pages = {6},
title = {{Do Small Worlds Synchronize Fastest?}},
volume = {90},
year = {2010}
}
@article{Albert2002,
archivePrefix = {arXiv},
arxivId = {cond-mat/0106096v1},
author = {Albert, R. and Barab{\'{a}}si, Albert-L{\'{a}}szl{\'{o}}},
doi = {10.1103/RevModPhys.74.47},
eprint = {0106096v1},
file = {:home/nora/.local/share/data/Mendeley Ltd./Mendeley Desktop/Downloaded/Albert, Barab{\'{a}}si - 2002 - Statistical mechanics of complex networks.pdf:pdf},
isbn = {3540403728},
issn = {00346861},
journal = {Reviews of Modern Physics},
pages = {47},
primaryClass = {cond-mat},
title = {{Statistical mechanics of complex networks}},
volume = {74},
year = {2002}
}

